@ARTICLE{fermipy,
   author = {{Wood}, M. and {Caputo}, R. and {Charles}, E. and {Di Mauro}, M. and 
    {Magill}, J. and {Perkins}, J.~S. and {Fermi-LAT Collaboration}
    },
    title = "{Fermipy: An open-source Python package for analysis of Fermi-LAT Data}",
  journal = {International Cosmic Ray Conference},
archivePrefix = "arXiv",
   eprint = {1707.09551},
 primaryClass = "astro-ph.IM",
     year = 2017,
    month = jan,
   volume = 35,
      eid = {824},
    pages = {824},
   adsurl = {http://adsabs.harvard.edu/abs/2017ICRC...35..824W},
  adsnote = {Provided by the SAO/NASA Astrophysics Data System}
}

@Misc{voublazar,
author =   {Chang Yu Ling},
title =    {VOU Blazars},
howpublished = {\url{https://github.com/ecylchang/VOU_Blazars}},
year = {2018}
}
