@ARTICLE{fermipy,
   author = {{Wood}, M. and {Caputo}, R. and {Charles}, E. and {Di Mauro}, M. and 
    {Magill}, J. and {Perkins}, J.~S. and {Fermi-LAT Collaboration}
    },
    title = "{Fermipy: An open-source Python package for analysis of Fermi-LAT Data}",
  journal = {International Cosmic Ray Conference},
archivePrefix = "arXiv",
   eprint = {1707.09551},
 primaryClass = "astro-ph.IM",
     year = 2017,
    month = jan,
   volume = 35,
      eid = {824},
    pages = {824},
   adsurl = {http://adsabs.harvard.edu/abs/2017ICRC...35..824W},
  adsnote = {Provided by the SAO/NASA Astrophysics Data System}
}

@Misc{voublazar,
author =   {Chang Yu Ling},
title =    {VOU Blazars},
howpublished = {\url{https://github.com/ecylchang/VOU\_Blazars}},
year = {2018}
}

@article{Padovani:2018acg,
      author         = "Padovani, P. and Giommi, P. and Resconi, E. and Glauch,
                        T. and Arsioli, B. and Sahakyan, N. and Huber, M.",
      title          = "{Dissecting the region around IceCube-170922A: the blazar
                        TXS 0506+056 as the first cosmic neutrino source}",
      journal        = "Mon. Not. Roy. Astron. Soc.",
      volume         = "480",
      year           = "2018",
      pages          = "192",
      doi            = "10.1093/mnras/sty1852",
      eprint         = "1807.04461",
      archivePrefix  = "arXiv",
      primaryClass   = "astro-ph.HE",
      SLACcitation   = "%%CITATION = ARXIV:1807.04461;%%"
}

@article{Massaro:2015nia,
      author         = "Massaro, Enrico and Maselli, Alessandro and Leto,
                        Cristina and Marchegiani, Paolo and Perri, Matteo and
                        Giommi, Paolo and Piranomonte, Silvia",
      title          = "{The 5th edition of the Roma-BZCAT. A short
                        presentation}",
      journal        = "Astrophys. Space Sci.",
      volume         = "357",
      year           = "2015",
      number         = "1",
      pages          = "75",
      doi            = "10.1007/s10509-015-2254-2",
      eprint         = "1502.07755",
      archivePrefix  = "arXiv",
      primaryClass   = "astro-ph.HE",
      SLACcitation   = "%%CITATION = ARXIV:1502.07755;%%"
}

@Misc{fermi_ci,
      title  = "Fermi Science Tools: Cicerone",
      author = "Fermi-LAT Collaboration",
      url    = {\url{https://fermi.gsfc.nasa.gov/ssc/data/analysis/documentation/Cicerone/}},
      year   = "2018"
    }

@article{psana,
      author         = "Aartsen, M. G. and others",
      title          = "{All-sky Search for Time-integrated Neutrino Emission
                        from Astrophysical Sources with 7 yr of IceCube Data}",
      collaboration  = "IceCube",
      journal        = "Astrophys. J.",
      volume         = "835",
      year           = "2017",
      number         = "2",
      pages          = "151",
      doi            = "10.3847/1538-4357/835/2/151",
      eprint         = "1609.04981",
      archivePrefix  = "arXiv",
      primaryClass   = "astro-ph.HE",
      SLACcitation   = "%%CITATION = ARXIV:1609.04981;%%"
}

@article{Cowan:2010js,
      author         = "Cowan, Glen and Cranmer, Kyle and Gross, Eilam and
                        Vitells, Ofer",
      title          = "{Asymptotic formulae for likelihood-based tests of new
                        physics}",
      journal        = "Eur. Phys. J.",
      volume         = "C71",
      year           = "2011",
      pages          = "1554",
      doi            = "10.1140/epjc/s10052-011-1554-0,
                        10.1140/epjc/s10052-013-2501-z",
      note           = "[Erratum: Eur. Phys. J.C73,2501(2013)]",
      eprint         = "1007.1727",
      archivePrefix  = "arXiv",
      primaryClass   = "physics.data-an",
      SLACcitation   = "%%CITATION = ARXIV:1007.1727;%%"
}

